@article{Shonfield2017,
  author = {Shonfield, J. and Bayne, E. M.},
  title = {Autonomous recording units in avian ecological research: current use and future applications},
  journal = {Avian Conservation and Ecology},
  year = {2017},
  volume = {12},
  number = {1},
  pages = {14},
  doi = {10.5751/ACE-00974-120114}
}

@article{Sugai2019,
  author = {Sugai, L. S. M. and Silva, T. S. F. and Ribeiro Jr, J. W. and Llusia, D.},
  title = {Terrestrial passive acoustic monitoring: review and perspectives},
  journal = {BioScience},
  year = {2019},
  volume = {69},
  number = {1},
  pages = {15--25},
  doi = {10.1093/biosci/biy147}
}

@article{Kahl2021,
  author = {Kahl, S. and Wood, C. M. and Eibl, M. and Klinck, H.},
  title = {BirdNET: A deep learning solution for avian diversity monitoring},
  journal = {Ecological Informatics},
  year = {2021},
  volume = {61},
  pages = {101236},
  doi = {10.1016/j.ecoinf.2021.101236}
}

@article{Wood2022,
  author = {Wood, C. M. and Kahl, S. and Rahaman, A. and Klinck, H.},
  title = {The machine learning-powered BirdNET App reduces barriers to global bird research by enabling citizen science participation},
  journal = {PLoS Biology},
  year = {2022},
  volume = {20},
  number = {4},
  pages = {e3001670},
  doi = {10.1371/journal.pbio.3001670}
}

@misc{MerlinID2024,
  author = {{Cornell Lab of Ornithology}},
  title = {Merlin Bird ID},
  year = {2024},
  howpublished = {Mobile application and web service},
  url = {https://merlin.allaboutbirds.org},
  note = {AI-powered bird identification tool for visual and audio species confirmation}
}

@article{Magrath2015,
  author = {Magrath, R. D. and Haff, T. M. and Fallow, P. M. and Radford, A. N.},
  title = {Eavesdropping on heterospecific alarm calls: from mechanisms to consequences},
  journal = {Biological Reviews},
  year = {2015},
  volume = {90},
  number = {2},
  pages = {560--586},
  doi = {10.1111/brv.12122}
}

@article{King2023,
  author = {King, D. I. and Rappole, J. H.},
  title = {Mixed-species bird flocks: foraging associations and survival benefits in tropical forests},
  journal = {Ornithological Applications},
  year = {2023},
  volume = {125},
  number = {2},
  pages = {duac045},
  doi = {10.1093/ornithapp/duac045}
}

@book{BirdLife2024,
  author = {{BirdLife International}},
  title = {Important Bird Areas factsheet: Gaulosen},
  year = {2024},
  publisher = {BirdLife International},
  address = {Cambridge, UK},
  url = {http://datazone.birdlife.org/site/factsheet/gaulosen-iba-norway}
}

@techreport{K책l책s1995,
  author = {K책l책s, J. A. and Husby, M.},
  title = {Fuglefaunaen i Trondheimsfjorden},
  institution = {NINA Fagrapport},
  year = {1995},
  number = {16},
  address = {Trondheim, Norway}
}

@book{Redpath2025,
  author = {Redpath, G.},
  title = {Praven Pro: BirdNET to Raven Pro audio analysis toolkit},
  year = {2025},
  publisher = {GitHub repository},
  url = {https://github.com/Ziforge/praven-pro},
  note = {Open-source Python toolkit for bioacoustic analysis}
}

@article{Shimmings2016,
  author = {Shimmings, P. and {\O}dman, A. M.},
  title = {Autumn migration of Great Snipe at Ottenby, SE Sweden},
  journal = {Ornis Svecica},
  year = {2016},
  volume = {26},
  pages = {13--23}
}

@article{Black2019,
  author = {Black, A. and Choudhury, B. I.},
  title = {Estimation of grassland bird abundance from count data using N-mixture models},
  journal = {Ibis},
  year = {2019},
  volume = {161},
  number = {3},
  pages = {481--494},
  doi = {10.1111/ibi.12656}
}

@book{Blumstein2011,
  author = {Blumstein, D. T. and Fern{\'a}ndez-Juricic, E.},
  title = {A Primer of Conservation Behavior},
  year = {2011},
  publisher = {Sinauer Associates},
  address = {Sunderland, MA}
}

@article{Fitzgerald2010,
  author = {Fitzgerald, A. M. and Guralnick, R. P.},
  title = {Using acoustic monitoring to document the geographic range of the white-crested elaenia},
  journal = {Journal of Field Ornithology},
  year = {2010},
  volume = {81},
  number = {4},
  pages = {363--371},
  doi = {10.1111/j.1557-9263.2010.00293.x}
}

@article{Ridley2007,
  author = {Ridley, A. R. and Raihani, N. J.},
  title = {Variable postfledging care in a cooperative bird: causes and consequences},
  journal = {Behavioral Ecology},
  year = {2007},
  volume = {18},
  number = {6},
  pages = {994--1000},
  doi = {10.1093/beheco/arm074}
}

@techreport{BirdLife2023,
  author = {{BirdLife International}},
  title = {European Red List of Birds 2021},
  year = {2023},
  institution = {BirdLife International},
  address = {Cambridge, UK},
  url = {https://www.birdlife.org/europe-and-central-asia/european-red-list-birds-2021}
}
